@article{des2017topological,
  title={Topological features of a gene co-expression network predict patterns of natural diversity in environmental response},
  author={Des Marais, David L and Guerrero, Rafael F and Lasky, Jesse R and Scarpino, Samuel V},
  journal={Proceedings of the Royal Society B: Biological Sciences},
  volume={284},
  number={1856},
  pages={20170914},
  year={2017},
  publisher={The Royal Society}
}

@article{fay2009weighted,
  title={Weighted spectral distribution for internet topology analysis: theory and applications},
  author={Fay, Damien and Haddadi, Hamed and Thomason, Andrew and Moore, Andrew W and Mortier, Richard and Jamakovic, Almerima and Uhlig, Steve and Rio, Miguel},
  journal={IEEE/ACM Transactions on networking},
  volume={18},
  number={1},
  pages={164--176},
  year={2009},
  publisher={IEEE}
}

@article{xiang2007characterization,
  title={Characterization of stress-responsive CIPK genes in rice for stress tolerance improvement},
  author={Xiang, Yong and Huang, Yuemin and Xiong, Lizhong},
  journal={Plant physiology},
  volume={144},
  number={3},
  pages={1416--1428},
  year={2007},
  publisher={Am Soc Plant Biol}
}

@article{obayashi2018atted,
  title={ATTED-II in 2018: a plant coexpression database based on investigation of the statistical property of the mutual rank index},
  author={Obayashi, Takeshi and Aoki, Yuichi and Tadaka, Shu and Kagaya, Yuki and Kinoshita, Kengo},
  journal={Plant and Cell Physiology},
  volume={59},
  number={1},
  pages={e3--e3},
  year={2018},
  publisher={Oxford University Press}
}

@article{jackson-jrmodel-2007,
  title = {Meeting {{Strangers}} and {{Friends}} of {{Friends}}: {{How Random Are Social Networks}}?},
  shorttitle = {Jrmodel},
  author = {Jackson, Matthew O and Rogers, Brian W},
  year = {2007},
  month = may,
  volume = {97},
  pages = {890--915},
  issn = {0002-8282},
  doi = {10.1257/aer.97.3.890},
  journal = {American Economic Review},
  language = {en},
  number = {3}
}

@article{barabasi-bamodel-1999,
  title = {Emergence of {{Scaling}} in {{Random Networks}}},
  shorttitle = {Bamodel},
  author = {Barab{\'a}si, Albert-L{\'a}szl{\'o} and Albert, R{\'e}ka},
  year = {1999},
  month = oct,
  volume = {286},
  pages = {509--512},
  issn = {0036-8075, 1095-9203},
  doi = {10.1126/science.286.5439.509},
  journal = {Science},
  language = {en},
  number = {5439}
}

@article{escobar2017expression,
  title={Expression patterns and promoter analyses of aluminum-responsive NAC genes suggest a possible growth regulation of rice mediated by aluminum, hormones and NAC transcription factors},
  author={Escobar-Sep{\'u}lveda, Hugo Fernando and Trejo-T{\'e}llez, Libia Iris and Garc{\'\i}a-Morales, Soledad and G{\'o}mez-Merino, Fernando Carlos},
  journal={PloS one},
  volume={12},
  number={10},
  year={2017},
  publisher={Public Library of Science}
}

@article{arenhart2014new,
  title={New insights into aluminum tolerance in rice: the ASR5 protein binds the STAR1 promoter and other aluminum-responsive genes},
  author={Arenhart, Rafael Augusto and Bai, Yang and de Oliveira, Luiz Felipe Valter and Neto, Lauro Bucker and Schunemann, Mariana and dos Santos Maraschin, Felipe and Mariath, Jorge and Silverio, Adriano and Sachetto-Martins, Gilberto and Margis, Rogerio and others},
  journal={Molecular plant},
  volume={7},
  number={4},
  pages={709--721},
  year={2014},
  publisher={Elsevier}
}

@inproceedings{grover2016node2vec,
  title={node2vec: Scalable feature learning for networks},
  author={Grover, Aditya and Leskovec, Jure},
  booktitle={Proceedings of the 22nd ACM SIGKDD international conference on Knowledge discovery and data mining},
  pages={855--864},
  year={2016}
}