@article{du2019network,
  title={Network-based feature selection reveals substructures of gene modules responding to salt stress in rice},
  author={Du, Qian and Campbell, Malachy and Yu, Huihui and Liu, Kan and Walia, Harkamal and Zhang, Qi and Zhang, Chi},
  journal={Plant Direct},
  volume={3},
  number={8},
  pages={e00154},
  year={2019},
  publisher={Wiley Online Library}
}


@incollection{clough2016gene,
  title={The gene expression omnibus database},
  author={Clough, Emily and Barrett, Tanya},
  booktitle={Statistical Genomics},
  pages={93--110},
  year={2016},
  volume={1418},
  series={Methods in Molecular Biology},
  publisher={Humana Press},
  address={New York, NY}
}


@article{eizenga2014registration,
  title={Registration of the rice diversity panel 1 for genomewide association studies},
  author={Eizenga, Georgia C and Ali, Md Liakat and Bryant, Rolfe J and Yeater, Kathleen M and McClung, Anna M and McCouch, Susan R},
  journal={Journal of Plant Registrations},
  volume={8},
  number={1},
  pages={109--116},
  year={2014},
  publisher={Wiley Online Library}
}

@article{campbell2017allelic,
  title={Allelic variants of {O}s{HKT}1; 1 underlie the divergence between indica and japonica subspecies of rice (\textit{{O}ryza sativa}) for root sodium content},
  author={Campbell, Malachy T and Bandillo, Nonoy and Al Shiblawi, Fouad Razzaq A and Sharma, Sandeep and Liu, Kan and Du, Qian and Schmitz, Aaron J and Zhang, Chi and V{\'e}ry, Anne-Ali{\'e}nor and Lorenz, Aaron J and others},
  journal={PLoS Genetics},
  volume={13},
  number={6},
  pages={e1006823},
  year={2017},
  publisher={Public Library of Science}
}

@article{langfelder2008wgcna,
  title={{WGCNA}: an {R} package for weighted correlation network analysis},
  author={Langfelder, Peter and Horvath, Steve},
  journal={BMC Bioinformatics},
  volume={9},
  number={1},
  pages={559},
  year={2008},
  publisher={BioMed Central}
}

@article{childs2011gene,
  title={Gene coexpression network analysis as a source of functional annotation for rice genes},
  author={Childs, Kevin L and Davidson, Rebecca M and Buell, C Robin},
  journal={PloS One},
  volume={6},
  number={7},
  pages={e22196},
  year={2011},
  publisher={Public Library of Science}
}

@article{xu2018genomic,
  title={Genomic selection of agronomic traits in hybrid rice using an {NCII} population},
  author={Xu, Yang and Wang, Xin and Ding, Xiaowen and Zheng, Xingfei and Yang, Zefeng and Xu, Chenwu and Hu, Zhongli},
  journal={Rice},
  volume={11},
  number={1},
  pages={32},
  year={2018},
  publisher={Springer}
}

%
@article{zhang2005general,
  title={A general framework for weighted gene co-expression network analysis},
  author={Zhang, Bin and Horvath, Steve},
  journal={Statistical applications in genetics and molecular biology},
  volume={4},
  number={1},
  year={2005},
  publisher={De Gruyter}
}

@article{quackenbush2002microarray,
  title={Microarray data normalization and transformation},
  author={Quackenbush, John},
  journal={Nature Genetics},
  volume={32},
  number={4s},
  pages={496},
  year={2002},
  publisher={Nature Publishing Group}
}

@article{love2014moderated,
  title={Moderated estimation of fold change and dispersion for {RNA}-seq data with {DES}eq2},
  author={Love, Michael I and Huber, Wolfgang and Anders, Simon},
  journal={Genome Biology},
  volume={15},
  number={12},
  pages={550},
  year={2014},
  publisher={Springer}
}

@article{gaiteri2014beyond,
  title={Beyond modules and hubs: the potential of gene coexpression networks for investigating molecular mechanisms of complex brain disorders},
  author={Gaiteri, Chris and Ding, Ying and French, Beverly and Tseng, George C and Sibille, Etienne},
  journal={Genes, Brain and Behavior},
  volume={13},
  number={1},
  pages={13--24},
  year={2014},
  publisher={Wiley Online Library}
}


@article{ahn2010link,
  title={Link communities reveal multiscale complexity in networks},
  author={Ahn, Yong-Yeol and Bagrow, James P and Lehmann, Sune},
  journal={Nature},
  volume={466},
  number={7307},
  pages={761--764},
  year={2010},
  publisher={Nature Publishing Group}
}

@article{shrivastava2015soil,
  title={Soil salinity: a serious environmental issue and plant growth promoting bacteria as one of the tools for its alleviation},
  author={Shrivastava, Pooja and Kumar, Rajesh},
  journal={Saudi Journal of Biological Sciences},
  volume={22},
  number={2},
  pages={123--131},
  year={2015},
  publisher={Elsevier}
}

@article{reddy2017salt,
  title={Salt tolerance in rice: focus on mechanisms and approaches},
  author={Reddy, Inja Naga Bheema Lingeswara and Kim, Beom-Ki and Yoon, In-Sun and Kim, Kyung-Hwan and Kwon, Taek-Ryoun},
  journal={Rice Science},
  volume={24},
  number={3},
  pages={123--144},
  year={2017},
  publisher={Elsevier}
}

@article{chang2019morphological,
  title={Morphological and metabolic responses to salt stress of rice (\textit{{O}ryza sativa {L}.}) cultivars which differ in salinity tolerance},
  author={Chang, Jing and Cheong, Bo Eng and Natera, Siria and Roessner, Ute},
  journal={Plant Physiology and Biochemistry},
  volume={144},
  pages={427--435},
  year={2019},
  publisher={Elsevier}
}

@article{tian2018identifying,
  title={Identifying osteosarcoma metastasis associated genes by weighted gene co-expression network analysis ({WGCNA})},
  author={Tian, Honglai and Guan, Donghui and Li, Jianmin},
  journal={Medicine},
  volume={97},
  number={24},
  year={2018},
  publisher={Wolters Kluwer Health}
}

@article{tibshirani1996regression,
  title={Regression shrinkage and selection via the {LASSO}},
  author={Tibshirani, Robert},
  journal={Journal of the Royal Statistical Society: Series B (Methodological)},
  volume={58},
  number={1},
  pages={267--288},
  year={1996},
  publisher={Wiley Online Library}
}

@article{binns2009quickgo,
  title={Quick{GO}: a web-based tool for {G}ene {O}ntology searching},
  author={Binns, David and Dimmer, Emily and Huntley, Rachael and Barrell, Daniel and O'donovan, Claire and Apweiler, Rolf},
  journal={Bioinformatics},
  volume={25},
  number={22},
  pages={3045--3046},
  year={2009},
  publisher={Oxford University Press}
}

@article{desboulets2018review,
  title={A review on variable selection in regression analysis},
  author={Desboulets, Loann David Denis},
  journal={Econometrics},
  volume={6},
  number={4},
  pages={45},
  year={2018},
  publisher={Multidisciplinary Digital Publishing Institute}
}

@article{szklarczyk2016string,
  title={The {STRING} database in 2017: quality-controlled protein--protein association networks, made broadly accessible},
  author={Szklarczyk, Damian and Morris, John H and Cook, Helen and Kuhn, Michael and Wyder, Stefan and Simonovic, Milan and Santos, Alberto and Doncheva, Nadezhda T and Roth, Alexander and Bork, Peer and others},
  journal={Nucleic Acids Research},
  pages={gkw937},
  year={2016},
  publisher={Oxford University Press}
}

@article{uniprot2018uniprot,
  title={Uni{P}rot: the universal protein knowledgebase},
  author={UniProt Consortium and others},
  journal={Nucleic Acids Research},
  volume={46},
  number={5},
  pages={2699},
  year={2018},
  publisher={Oxford University Press}
}

@article{aoki2007approaches,
  title={Approaches for extracting practical information from gene co-expression networks in plant biology},
  author={Aoki, Koh and Ogata, Yoshiyuki and Shibata, Daisuke},
  journal={Plant and Cell Physiology},
  volume={48},
  number={3},
  pages={381--390},
  year={2007},
  publisher={Oxford University Press}
}

@article{roychoudhury2011amelioration,
  title={Amelioration of salinity stress by exogenously applied spermidine or spermine in three varieties of indica rice differing in their level of salt tolerance},
  author={Roychoudhury, Aryadeep and Basu, Supratim and Sengupta, Dibyendu N},
  journal={Journal of Plant Physiology},
  volume={168},
  number={4},
  pages={317--328},
  year={2011},
  publisher={Elsevier}
}

@article{peng2019novel,
  title={A novel hydroxycinnamoyl transferase for synthesis of hydroxycinnamoyl spermine conjugates in plants},
  author={Peng, Hui and Meyer, Rachel S and Yang, Tianbao and Whitaker, Bruce D and Trouth, Frances and Shangguan, Lingfei and Huang, Jingbing and Litt, Amy and Little, Damon P and Ke, Hengming and others},
  journal={BMC Plant Biology},
  volume={19},
  number={1},
  pages={1--13},
  year={2019},
  publisher={BioMed Central}
}

@article{gupta2013plant,
  title={Plant polyamines in abiotic stress responses},
  author={Gupta, Kamala and Dey, Abhijit and Gupta, Bhaskar},
  journal={Acta Physiologiae Plantarum},
  volume={35},
  number={7},
  pages={2015--2036},
  year={2013},
  publisher={Springer}
}

@article{hou2015persimmon,
  title={The persimmon 9-lipoxygenase gene {D}k{LOX}3 plays positive roles in both promoting senescence and enhancing tolerance to abiotic stress},
  author={Hou, Yali and Meng, Kun and Han, Ye and Ban, Qiuyan and Wang, Biao and Suo, Jiangtao and Lv, Jingyi and Rao, Jingping},
  journal={Frontiers in Plant Science},
  volume={6},
  pages={1073},
  year={2015},
  publisher={Frontiers}
}

@article{mittova2002salt,
  title={Salt stress induces up-regulation of an efficient chloroplast antioxidant system in the salt-tolerant wild tomato species \textit{{L}ycopersicon pennellii} but not in the cultivated species},
  author={Mittova, Valentina and Tal, Moshe and Volokita, Micha and Guy, Micha},
  journal={Physiologia Plantarum},
  volume={115},
  number={3},
  pages={393--400},
  year={2002},
  publisher={Wiley Online Library}
}

@article{saelens2018comprehensive,
  title={A comprehensive evaluation of module detection methods for gene expression data},
  author={Saelens, Wouter and Cannoodt, Robrecht and Saeys, Yvan},
  journal={Nature Communications},
  volume={9},
  number={1},
  pages={1--12},
  year={2018},
  publisher={Nature Publishing Group}
}

@article{palla2005uncovering,
  title={Uncovering the overlapping community structure of complex networks in nature and society},
  author={Palla, Gergely and Der{\'e}nyi, Imre and Farkas, Ill{\'e}s and Vicsek, Tam{\'a}s},
  journal={Nature},
  volume={435},
  number={7043},
  pages={814--818},
  year={2005},
  publisher={Nature Publishing Group}
}

@article{mesterhazy2020losses,
  title={Losses in the grain supply chain: Causes and solutions},
  author={Mesterh{\'a}zy, {\'A}kos and Ol{\'a}h, Judit and Popp, J{\'o}zsef},
  journal={Sustainability},
  volume={12},
  number={6},
  pages={2342},
  year={2020},
  publisher={Multidisciplinary Digital Publishing Institute}
}

@article{barabasi2003scale,
  title={Scale-free networks},
  author={Barab{\'a}si, Albert-L{\'a}szl{\'o} and Bonabeau, Eric},
  journal={Scientific American},
  volume={288},
  number={5},
  pages={60--69},
  year={2003},
  publisher={JSTOR}
}

@incollection{FIONDA2019915,
  title = {Networks in Biology},
  author = {Valeria Fionda},
  booktitle = {Encyclopedia of Bioinformatics and Computational Biology},
  pages = {915--921},
  year = {2019},
  volume={1},
  editor = {Shoba Ranganathan and Michael Gribskov and Kenta Nakai and Christian   Schönbach},
  publisher = {Academic Press},
  address = {Oxford},
}