%@article{du2018using,
%  title={Using LASSO in gene co-expression network for genome-wide identification of gene interactions responding to salt stress in rice},
%  author={Du, Qian and Campbell, Malachy and Yu, Huihui and Liu, Kan and Walia, Harkamal and Zhang, Qi and Zhang, Chi},
%  journal={bioRxiv},
%  pages={359364},
%  year={2018},
%  publisher={Cold Spring Harbor Laboratory}
%}

%@article{du2019network,
%  title={Network-based feature selection reveals substructures of gene modules responding to salt stress in rice},
%  author={Du, Qian and Campbell, Malachy and Yu, Huihui and Liu, Kan and Walia, Harkamal and Zhang, Qi and Zhang, Chi},
%  journal={Plant direct},
%  volume={3},
%  number={8},
%  pages={e00154},
%  year={2019},
%  publisher={Wiley Online Library}
%}

@misc{GEOAcces90:online,
author = {},
title = {GEO Accession viewer},
howpublished = {\url{https://www.ncbi.nlm.nih.gov/geo/query/acc.cgi?acc=GSE98455}},
month = {},
year = {},
note = {(Accessed on 10/16/2019)}
}

@misc{RiceDive1:online,
author = {},
title = {Rice Diversity Panel 1(RDP1) : USDA ARS},
howpublished = {\url{https://www.ars.usda.gov/southeast-area/stuttgart-ar/dale-bumpers-national-rice-research-center/docs/rice-diversity-panel-1-rdp1/}},
month = {},
year = {},
note = {(Accessed on 10/16/2019)}
}

@article{campbell2017allelic,
  title={Allelic variants of OsHKT1; 1 underlie the divergence between indica and japonica subspecies of rice (Oryza sativa) for root sodium content},
  author={Campbell, Malachy T and Bandillo, Nonoy and Al Shiblawi, Fouad Razzaq A and Sharma, Sandeep and Liu, Kan and Du, Qian and Schmitz, Aaron J and Zhang, Chi and V{\'e}ry, Anne-Ali{\'e}nor and Lorenz, Aaron J and others},
  journal={PLoS genetics},
  volume={13},
  number={6},
  pages={e1006823},
  year={2017},
  publisher={Public Library of Science}
}

@article{langfelder2008wgcna,
  title={WGCNA: an R package for weighted correlation network analysis},
  author={Langfelder, Peter and Horvath, Steve},
  journal={BMC bioinformatics},
  volume={9},
  number={1},
  pages={559},
  year={2008},
  publisher={BioMed Central}
}

@article{childs2011gene,
  title={Gene coexpression network analysis as a source of functional annotation for rice genes},
  author={Childs, Kevin L and Davidson, Rebecca M and Buell, C Robin},
  journal={PloS one},
  volume={6},
  number={7},
  pages={e22196},
  year={2011},
  publisher={Public Library of Science}
}

@article{xu2018genomic,
  title={Genomic selection of agronomic traits in hybrid rice using an NCII population},
  author={Xu, Yang and Wang, Xin and Ding, Xiaowen and Zheng, Xingfei and Yang, Zefeng and Xu, Chenwu and Hu, Zhongli},
  journal={Rice},
  volume={11},
  number={1},
  pages={32},
  year={2018},
  publisher={Springer}
}

@article{zhang2005general,
  title={A general framework for weighted gene co-expression network analysis},
  author={Zhang, Bin and Horvath, Steve},
  journal={Statistical applications in genetics and molecular biology},
  volume={4},
  number={1},
  year={2005},
  publisher={De Gruyter}
}

@article{quackenbush2002microarray,
  title={Microarray data normalization and transformation},
  author={Quackenbush, John},
  journal={Nature genetics},
  volume={32},
  number={4s},
  pages={496},
  year={2002},
  publisher={Nature Publishing Group}
}

@article{love2014moderated,
  title={Moderated estimation of fold change and dispersion for RNA-seq data with DESeq2},
  author={Love, Michael I and Huber, Wolfgang and Anders, Simon},
  journal={Genome biology},
  volume={15},
  number={12},
  pages={550},
  year={2014},
  publisher={Springer}
}

@article{gaiteri2014beyond,
  title={Beyond modules and hubs: the potential of gene coexpression networks for investigating molecular mechanisms of complex brain disorders},
  author={Gaiteri, Chris and Ding, Ying and French, Beverly and Tseng, George C and Sibille, Etienne},
  journal={Genes, brain and behavior},
  volume={13},
  number={1},
  pages={13--24},
  year={2014},
  publisher={Wiley Online Library}
}


@article{ahn2010link,
  title={Link communities reveal multiscale complexity in networks},
  author={Ahn, Yong-Yeol and Bagrow, James P and Lehmann, Sune},
  journal={nature},
  volume={466},
  number={7307},
  pages={761--764},
  year={2010},
  publisher={Nature Publishing Group}
}